<record><leader>00000cas a22000007i 4500</leader><controlfield tag="001">49700408</controlfield><controlfield tag="008">020501d19451945wauwr ne      0   a0eng d</controlfield><datafield ind1=" " ind2=" " tag="010"><subfield code="a">  2015218958</subfield></datafield><datafield ind1=" " ind2=" " tag="040"><subfield code="a">WRJ</subfield><subfield code="b">eng</subfield><subfield code="e">rda</subfield><subfield code="c">WRJ</subfield><subfield code="d">OCLCQ</subfield><subfield code="d">OCLCF</subfield><subfield code="d">OCLCO</subfield><subfield code="d">DLC</subfield></datafield><datafield ind1=" " ind2=" " tag="042"><subfield code="a">msc</subfield></datafield><datafield ind1=" " ind2=" " tag="043"><subfield code="a">n-us-wa</subfield></datafield><datafield ind1="0" ind2="0" tag="050"><subfield code="a">Newspaper</subfield></datafield><datafield ind1="0" ind2=" " tag="130"><subfield code="a">Villager (Richland, Wash.)</subfield></datafield><datafield ind1="1" ind2="4" tag="245"><subfield code="a">The villager.</subfield></datafield><datafield ind1=" " ind2="1" tag="264"><subfield code="a">Richland, Washington :</subfield><subfield code="b">Villagers, Inc.,</subfield><subfield code="c">1945.</subfield></datafield><datafield ind1=" " ind2=" " tag="300"><subfield code="a">1 volume :</subfield><subfield code="b">illustrations</subfield></datafield><datafield ind1=" " ind2=" " tag="310"><subfield code="a">Weekly</subfield></datafield><datafield ind1=" " ind2=" " tag="336"><subfield code="a">text</subfield><subfield code="b">txt</subfield><subfield code="2">rdacontent</subfield></datafield><datafield ind1=" " ind2=" " tag="337"><subfield code="a">unmediated</subfield><subfield code="b">n</subfield><subfield code="2">rdamedia</subfield></datafield><datafield ind1=" " ind2=" " tag="338"><subfield code="a">volume</subfield><subfield code="b">nc</subfield><subfield code="2">rdacarrier</subfield></datafield><datafield ind1="0" ind2=" " tag="362"><subfield code="a">Volume 1, number 1 (March 8, 1945)-volume 1, number 28 (September 13, 1945).</subfield></datafield><datafield ind1=" " ind2="0" tag="651"><subfield code="a">Richland (Wash.)</subfield><subfield code="v">Newspapers.</subfield></datafield><datafield ind1=" " ind2="7" tag="651"><subfield code="a">Washington (State)</subfield><subfield code="z">Richland.</subfield><subfield code="2">fast</subfield><subfield code="0">(OCoLC)fst01206447</subfield></datafield><datafield ind1=" " ind2="7" tag="655"><subfield code="a">Newspapers.</subfield><subfield code="2">fast</subfield><subfield code="0">(OCoLC)fst01423814</subfield></datafield><datafield ind1=" " ind2=" " tag="752"><subfield code="a">United States</subfield><subfield code="b">Washington</subfield><subfield code="c">Benton</subfield><subfield code="d">Richland.</subfield></datafield><datafield ind1="0" ind2="0" tag="785"><subfield code="t">Richland villager</subfield><subfield code="w">(DLC)sn 86071981</subfield><subfield code="w">(OCoLC)14286195</subfield></datafield></record>